@STRING{C_ICCAD   = "Proc. {IEEE/ACM} Int. Conf. Comput.-Aided Des. (ICCAD)"}
@STRING{C_DAC     = "Proc. {ACM/IEEE} Design Autom. Conf. (DAC)"}
@STRING{C_ASPDAC  = "Proc. {IEEE} Asia and South Pacific Des. Autom. Conf. (ASP-DAC)"}
@STRING{C_DATE    = "Proc. {IEEE} Design, Autom., and Test Europe Conf. (DATE)"}
@STRING{C_CICC    = "Proc. {IEEE} Custom Integr. Circuits Conf. (CICC)"}
@STRING{C_IWLS    = "Proc. Int. Workshop Logic \& Synthesis"}
@STRING{C_ISQED   = "Proc. {IEEE} Int. Symp. Quality Electron. Des. (ISQED)"}
@STRING{C_ISCAS   = "Proc. {IEEE} Int. Symp. Circuits and Syst. (ISCAS)"}
@STRING{J_Integr_VLSI   = "Integr. VLSI J."}
@STRING{C_ISSCC   = "Proc. Int. Solid-State Circuits Conf. (ISSCC)"}
@STRING{C_ISPD   = "Proc. Int. Symp. Phys. Des. (ISPD)"}
@STRING{C_DFT   = "Proc. Int. Symp. Defect and Fault Tolerance in VLSI and Nanotech. Sys."}
@STRING{C_MACRO   = "Proc. Int. Symp. Microarch."}
@STRING{C_ITC   = "Proc. {IEEE} Int. Test Conf. (ITC)"}
@STRING{C_VTS   = "Proc. {VLSI} Test Symp."}
@STRING{C_ICCD     = "Proc. {IEEE} Int. Conf. Comput. Des. (ICCD)"}

