
@article{matrix11,
        author    = {L. M. Fidalgo and S. J. Maerkl},
        title     = {A software-programmable microfluidic device for automated biology},
        journal   = "Lab on a Chip",
        year      = {2011},
        volume    = {11},
        pages     = {1612--1619},
}

@article{HuYHC14,
  author    = {Kai Hu and Feiqiao Yu and Tsung{-}Yi Ho and Krishnendu Chakrabarty},
  title     = {Testing of Flow-Based Microfluidic Biochips: Fault Modeling, Test
               Generation, and Experimental Demonstration},
  journal   = IEEE_J_CAD,
  volume    = {33},
  number    = {10},
  pages     = {1463--1475},
  year      = {2014},
}
@article{JMSQ07,
    author    = {J. Melin and S. Quake},
    title     = {Microfluidic large-scale integration: the evolution of
	design rules for biological automation},
    journal   = "Annu. Rev. Biophys. Biomol. Struct.",
    year      = {2007},
    volume    = {36},
    pages     = {213-231},
}
@article{JEMP08,
    author = {Jeffrey M. Perkel},
    title = {Microfluidics: Bringing New Things to Life Science},
    journal = {Science},
    year = {2008},
    volume = {322},
    number = {5903},
    pages = {975--977}
}
@article{KrCh10,
  author    = {Krishnendu Chakrabarty},
  title     = {Design Automation and Test Solutions for Digital Microfluidic
Biochips},
  journal   = IEEE_J_CAS,
  volume    = {57},
  number    = {1},
  year      = {2010},
  pages     = {4--17},
}
@inproceedings{AminTA09,
  author    = {Nada Amin and William Thies and Saman P. Amarasinghe},
  title     = {Computer-aided design for microfluidic chips based on
multilayer soft lithography},
  booktitle = C_ICCD,
  year      = {2009},
  pages     = {2--9},
}

@inproceedings{TsengLHS15,
  author    = {Tsun{-}Ming Tseng and Bing Li and Tsung{-}Yi Ho and Ulf Schlichtmann},
  title     = {Reliability-aware synthesis for flow-based microfluidic biochips by
               dynamic-device mapping},
  booktitle = C_DAC,
  pages     = {141:1--141:6},
  year      = {2015},
}

@misc{stanfordmanualtest,
        url = "http://web.stanford.edu/group/foundry/"
}
@misc{illumina,
        url = "http://www.illumina.com/"
}

@misc{gurobi,
        author = "{Gurobi Optimization, Inc.}",
        title = "Gurobi Optimizer Reference Manual",
        year = 2013,
        url = "http://www.gurobi.com"
}
@article{PopAC15,
  author    = {Paul Pop and Ismail Emre Araci and Krishnendu Chakrabarty}, 
title     = {Continuous-Flow Biochips: Technology, Physical-Design Methods, and
               Testing},
  journal   = {{IEEE} Design {\&} Test},
  volume    = {32},
  number    = {6},
  pages     = {8--19},
  year      = {2015},
}
@inproceedings{DinhYHC15,
  author    = {Trung Anh Dinh and Shigeru Yamashita and Tsung{-}Yi Ho and Krishnendu Chakrabarty},
  title     = {A general testing method for digital microfluidic biochips under physical
               constraints},
  booktitle = C_ITC,
  pages     = {1--8},
  year      = {2015},
}
@inproceedings{HuHC14,
  author    = {Kai Hu and Tsung{-}Yi Ho and Krishnendu Chakrabarty},
  title     = {Test generation and design-for-testability for flow-based m{VLSI} microfluidic
               biochips},
  booktitle = C_VTS,
  pages     = {1--6},
  year      = {2014},
}
@inproceedings{ZhaoXC08,
  author    = {Yang Zhao and Tao Xu and
               Krishnendu Chakrabarty},
  title     = {Built-in Self-Test and Fault Diagnosis for Lab-on-Chip Using Digital
               Microfluidic Logic Gates},
  booktitle = C_ITC,
  pages     = {1--10},
  year      = {2008},
}

@book{chen2011applied,
        title={Applied Integer Programming: Modeling and Solution},
        author={Chen, D.S. and Batson, R.G. and Dang, Y.},
        year={2011},
        publisher={Wiley}
}
@article{fisher1981lagrangian,
  title={The Lagrangian relaxation method for solving integer programming problems},
  author={Fisher, Marshall L},
  journal={Management Science},
  volume={27},
  number={1},
  pages={1--18},
  year={1981},
  publisher={INFORMS}
}

@inproceedings{CBBK17,
  author    = {Chunfeng Liu and Bing Li and Bhargab B. Bhattacharya and
Krishnendu Chakrabarty and Tsung-Yi Ho and Ulf Schlichtmann},
  title     = {Testing Microfluidic Fully Programmable Valve Arrays ({FPVAs})},
  booktitle = C_DATE,
  pages     = {91--96},
  year      = {2017},
}

@misc{agilent,
        author = "{Agilent}",
        title = "",
        url = {http://www.agilent.com/}
}
@inproceedings{Liu2017,
    author = {Liu, Chunfeng and Li, Bing and Yao, Hailong and Pop, 
          Paul and Ho, Tsung-Yi and Schlichtmann, Ulf},
      title = {Transport or Store? {Synthesizing} Flow-based Microfluidic 
	    Biochips Using Distributed Channel Storage},
        booktitle = C_DAC,
	  year = {2017},
	    pages = {49:1--49:6},
}
@inproceedings{MinhassPMH13,
  author    = {Wajid Hassan Minhass and Paul Pop and Jan Madsen and
               Tsung{-}Yi Ho},
  title     = {Control synthesis for the flow-based microfluidic large-scale
integration
               biochips},
  booktitle = C_ASPDAC,
  pages     = {205--212},
  year      = {2013},
}
@article{TsengLSH15,
  author    = {Tsun-Ming Tseng and Bing Li and Ulf Schlichtmann and
               Tsung-Yi Ho},
  title     = {Storage and Caching: Synthesis of Flow-Based Microfluidic Biochips},
  journal   = {{IEEE} Design {\&} Test},
  volume    = {32},
  number    = {6},
  pages     = {69--75},
  year      = {2015},
}
@inproceedings{LinLCLH14,
  author    = {Chun{-}Xun Lin and Chih{-}Hung Liu and I{-}Che Chen and D. T.
Lee and
               Tsung{-}Yi Ho},
  title     = {An Efficient Bi-criteria Flow Channel Routing Algorithm For
Flow-based
               Microfluidic Biochips},
  booktitle = C_DAC,
  pages     = {141:1--141:6},
  year      = {2014},
}
@inproceedings{MinhassPMB12,
  author    = {Wajid Hassan Minhass and Paul Pop and Jan Madsen and Felician
Stefan Blaga},
  title     = {Architectural synthesis of flow-based microfluidic large-scale
integration
               biochips},
  booktitle = {Proc. Int. Conf. on Compilers, Architecture, and Synthesis for
Embed. Sys.},
  pages     = {181--190},
  year      = {2012},
}
@article{HuHC16,
  author    = {Kai Hu and Tsung{-}Yi Ho and Krishnendu Chakrabarty},
  title     = {Wash Optimization and Analysis for Cross-Contamination Removal Under
               Physical Constraints in Flow-Based Microfluidic Biochips},
  journal   = {{IEEE} Trans. on {CAD} of Integrated Circuits and Systems},
  volume    = {35},
  number    = {4},
  pages     = {559--572},
  year      = {2016},
}
@inproceedings{WZYH17,
  author    = {Qin Wang and Shiliang Zuo and Hailong Yao and Tsung-Yi Ho and
Bing Li and Ulf Schlichtmann and Yici Cai},
  title     = {Hamming-Distance-Based Valve-Switching Optimization for
Control-Layer Multiplexing in Flow-Based Microfluidic Biochips},
  booktitle = C_ASPDAC,
  pages     = {524--529},
  year      = {2017},
}
@inproceedings{Zhu2018iccad,
 author = {Zhu, Ying and Li, Bing and Ho, Tsung-Yi and Wang, Qin and Yao, Hailong and Wille, Robert and Schlichtmann, Ulf},
 title = {Multi-channel and Fault-tolerant Control Multiplexing for Flow-based Microfluidic Biochips},
 booktitle = C_ICCAD,
 year = {2018},
 pages = {123:1--123:8},
} 
@article{HuDHC17,
  author    = {Kai Hu and Trung Anh Dinh and Tsung{-}Yi Ho and
               Krishnendu Chakrabarty},
  title     = {Control-Layer Routing and Control-Pin Minimization for Flow-Based
               Microfluidic Biochips},
  journal   = IEEE_J_CAD,
  volume    = {36},
  number    = {1},
  pages     = {55--68},
  year      = {2017},
}
@article{YaoWRCH15,
  author    = {Hailong Yao and Qin Wang and Yizhong Ru and Yici Cai and
               Tsung{-}Yi Ho},
  title     = {Integrated Flow-Control Codesign Methodology for Flow-Based
Microfluidic
               Biochips},
  journal   = {{IEEE} Design {\&} Test},
  volume    = {32},
  number    = {6},
  pages     = {60--68},
  year      = {2015},
}
@inproceedings{YaoHC15,
  author    = {Hailong Yao and Tsung{-}Yi Ho and Yici Cai},
  title     = {{PACOR:} practical control-layer routing flow with length-matching
               constraint for flow-based microfluidic biochips},
  booktitle = C_DAC,
  pages     = {142:1--142:6},
  year      = {2015},
}
@inproceedings{Liu2018dac,
 author = {Liu, Chunfeng and Li, Bing and Ho, Tsung-Yi and Chakrabarty, Krishnendu and Schlichtmann, Ulf},
 title = {Design-for-testability for Continuous-flow Microfluidic Biochips},
 booktitle = C_DAC,
 year = {2018},
 pages = {164:1--164:6},
} 
@inproceedings{aledate19,
  author    = {Alessandro Bernardini and Chunfeng Liu and Bing Li and Ulf Schlichtmann},
  title     = {Fault Localization in Programmable Microfluidic Devices},
  booktitle = C_DATE,
  year      = {2019},
}  
@article{TBMTtcad,
  author    = {Tsun-Ming Tseng and Bing Li and Mengchu Li and Tsung-Yi Ho and Ulf Schlichtmann},
  title     = {Reliability-aware Synthesis with Dynamic Device Mapping and Fluid Routing for Flow-based Microfluidic Biochips},
  journal   = IEEE_J_CAD,
  volume    = {35},
  number    = {12},
  pages     = {1981--1994},
  year      = {2016},
}
@misc{PMD_transportation,
	Author                   = {Fidalgo, Luis M. and Maerkl, Sebastian J.},
  title = {Fluid transportation in {PMD}},
  year = {2011},
  howpublished = {\url{http://www.rsc.org/suppdata/lc/c0/c0lc00537a/videos2.mov}},
}
@misc{PMD_mixing,
	Author                   = {Fidalgo, Luis M. and Maerkl, Sebastian J.},
  title = {Mixing operation in {PMD}},
  year = {2011},
  howpublished = {\url{http://www.rsc.org/suppdata/lc/c0/c0lc00537a/videos3.mov}},
}
@INPROCEEDINGS{pump, 
	author={G. Lai and C. Lin and T. Ho}, 
	booktitle=C_DATE,
	title={Pump-aware flow routing algorithm for programmable microfluidic devices}, 
	year={2018}, 
	pages={1405--1410}, 
	}
@inproceedings{grimmer2017close,
	title={Close-to-optimal placement and routing for continuous-flow microfluidic biochips},
	author={Grimmer, Andreas and Wang, Qin and Yao, Hailong and Ho, Tsung-Yi and Wille, Robert},
	booktitle=C_ASPDAC,
	pages={530--535},
	year={2017}
}


@book{walk1996,
        title={The Self-Avoiding Walk},
        author={N. Madras and G. Slade},
        year={1996},
        publisher={Birkh\"auser}
}
