15 gid=3000000
15 uid=3603518
27 mtime=1539539943.749337
27 ctime=1539539943.749338
27 atime=1539539943.760339
