15 gid=3000000
15 uid=3603518
27 ctime=1538382170.137385
27 atime=1538916863.046227
