@inproceedings{MinhassPMH13,
  author    = {Wajid Hassan Minhass and Paul Pop and Jan Madsen and
               Tsung{-}Yi Ho},
  title     = {Control synthesis for the flow-based microfluidic large-scale integration
               biochips},
  booktitle = C_ASPDAC,
  pages     = {205--212},
  year      = {2013},
}

@article{HuYHC14,
  author    = {Kai Hu and Feiqiao Yu and Tsung-Yi Ho and Krishnendu Chakrabarty},
  title     = {Testing of Flow-Based Microfluidic Biochips: Fault Modeling, Test
               Generation, and Experimental Demonstration},
  journal   = IEEE_J_CAD,
  volume    = {33},
  number    = {10},
  pages     = {1463--1475},
  year      = {2014},
}
@article{TsengLSH15,
  author    = {Tsun-Ming Tseng and Bing Li and Ulf Schlichtmann and
               Tsung-Yi Ho},
  title     = {Storage and Caching: Synthesis of Flow-Based Microfluidic Biochips},
  journal   = {{IEEE} Design {\&} Test},
  volume    = {32},
  number    = {6},
  pages     = {69--75},
  year      = {2015},
}
@inproceedings{TsengLLHS16,
  author    = {Tsun{-}Ming Tseng and Mengchu Li and Bing Li and Tsung{-}Yi Ho and
               Ulf Schlichtmann},
  title     = {Columba: Co-layout synthesis for continuous-flow microfluidic biochips},
  booktitle = C_DAC,

  pages     = {147:1--147:6},
  year      = {2016},
}
@inproceedings{LinLCLH14,
  author    = {Chun-Xun Lin and Chih-Hung Liu and I-Che Chen and D. T. Lee and
               Tsung-Yi Ho},
  title     = {An Efficient Bi-criteria Flow Channel Routing Algorithm For Flow-based
               Microfluidic Biochips},
  booktitle = C_DAC,
  pages     = {141:1--141:6},
  year      = {2014},
}
@article{YaoWRCH15,
  author    = {Hailong Yao and Qin Wang and Yizhong Ru and Yici Cai and
               Tsung-Yi Ho},
  title     = {Integrated Flow-Control Codesign Methodology for Flow-Based Microfluidic
               Biochips},
  journal   = {{IEEE} Design {\&} Test},
  volume    = {32},
  number    = {6},
  pages     = {60--68},
  year      = {2015},
}
@article{PopAC15,
  author    = {Paul Pop and Ismail Emre Araci and Krishnendu Chakrabarty},
  title     = {Continuous-Flow Biochips: Technology, Physical-Design Methods, and
               Testing},
  journal   = {{IEEE} Design {\&} Test},
  volume    = {32},
  number    = {6},
  pages     = {8--19},
  year      = {2015},
}
@inproceedings{MinhassPMB12,
  author    = {Wajid Hassan Minhass and Paul Pop and Jan Madsen and Felician Stefan Blaga},
  title     = {Architectural synthesis of flow-based microfluidic large-scale integration
               biochips},
  booktitle = {Proc. Int. Conf. on Compilers, Architecture, and Synthesis for
Embed. Sys.},
  pages     = {181--190},
  year      = {2012},
}
@misc{agilent,
        author = "{Agilent}",
        title = "",
        url = {http://www.agilent.com/}
}

@article{LCprob3,
	author    = {Tan Yan and Wong, M.D.F.},
	title     = {{BSG}-Route: A Length-Constrained Routing Scheme for General Planar Topology},
	journal   = IEEE_J_CAD,
	year      = {2009},
	volume    = {28},
	number    = 11,
	pages     = {1679--1690},
}
@article{JMSQ07,
	author    = {J. Melin and S. Quake},
	title     = {Microfluidic large-scale integration: the evolution of
		design rules for biological automation},
	journal   = "Annu. Rev. Biophys. Biomol. Struct.",
	year      = {2007},
	volume    = {36},
	pages     = {213-231},
}
@article{MHSZ10,
	author    = {Daniel Mark and Stefan Haeberle and  G\"unter Roth
		 and Felix von Stetten and  Roland Zengerle},
	title     = {Microfluidic lab-on-a-chip platforms: requirements, characteristics and applications},
	journal   = "Chem. Soc. Rev.",
	year      = {2010},
	volume    = {39},
	pages     = {1153-1182},
}
@inproceedings{SuCh04,
	author = {Su, Fei and Chakrabarty, K.},
	title = {Architectural-level Synthesis of Digital Microfluidics-based Biochips},
	booktitle = C_ICCAD,
	year = {2004},
	pages = {223--228},
} 
@inproceedings{RIVI06,
	author = {Andrew J. Ricketts and Kevin Irick and N. Vijaykrishnan and Mary Jane Irwin},
	title = {Priority Scheduling in Digital Microfluidics-Based Biochips},
	booktitle = C_DATE,
	year = {2006},
	pages = {329--334},
} 

@article{CKFZ10,
	author = {Chakrabarty, Krishnendu and Fair, Richard B. and Zeng, Jun},
	title = {Design Tools for Digital Microfluidic Biochips: Toward
		Functional Diversification and More Than Moore},
	journal = IEEE_J_CAD,
	volume = {29},
	number = {7},
	year = {2010},
	pages = {1001--1017},
} 

@article{AMGW90,
	author = {A. Manz and N. Graber and H. M. Widmer},
	title = {Miniaturized total chemical analysis systems: A novel concept
		for chemical sensing},
	journal = {Sensors and Actuators B: Chemical},
	volume = {1},
	number = {1-6},
	year = {1990},
	pages = {244--248},
} 

@article{MPFS09,
	author = {Pollack, M. G. and  Fair, R. B. and Shenderov, Alexander D.},
	title = {Electrowetting-based actuation of liquid droplets for
		microfluidic applications},
	journal = {Appl. Phys. Lett.},
	volume = {77},
	number = {11},
	year = {2009},
	pages = {1725--1726},
} 

@inproceedings{LMCS01,
	author = {Lee, J. and Moon, H. and Fowler, J. and Chang-Jin Kim and Schoellhammer, T.},
	title = {Addressable micro liquid handling by electric control of surface tension},
	booktitle = {Int. Conf. Micro Electro Mech. Sys.},
	year = {2001},
	pages = {499--502},
} 

@inproceedings{CFMK02,
	author = {Sung Kwon Cho and Shih-Kang Fan and Hyejin Moon and Chang-Jin Kim},
	title = {Towards digital microfluidic circuits: creating, transporting, 
		cutting and merging liquid droplets by electrowetting-based actuation},
	booktitle = {Int. Conf. Micro Electro Mech. Sys.},
	year = {2002},
	pages = {32--35},
} 
@inproceedings{FSKC05,
	author={Fei Su and Krishnendu Chakrabarty},
	title= {Unified High-Level Synthesis and Module Placement for Defect-Tolerant Microfluidic Biochips},
	booktitle = C_DAC,
	year = {2005},
	pages = {825--830},
} 

@article{FSKF06,
	author = {Fei Su and Krishnendu Chakrabarty and Richard B. Fair},
	title = {Microfluidics-based biochips: technology issues,
		implementation platforms, and design automation challenges},
	journal = IEEE_J_CAD,
	year = {2006},
	volume = {25},
	number = {2},
	pages = {211--223}
}

@article{TTMQ02,
	author = {Todd Thorsen and Sebastian J. Maerkl and Stephen R. Quake},
	title = {Microfluidic Large-Scale Integration},
	journal = {Science},
	year = {2002},
	volume = {298},
	number = {5593},
	pages = {580--584}
}
@article{JEMP08,
	author = {Jeffrey M. Perkel},
	title = {Microfluidics: Binging New Things to Life Science},
	journal = {Science},
	year = {2008},
	volume = {322},
	number = {5903},
	pages = {975--977}
}
@article{UCSQ00,
	author = {Marc A. Unger and Hou-Pu Chou and, Todd Thorsen and Axel Scherer and Stephen R. Quake},
	title = {Monolithic Microfabricated Valves and Pumps by Multilayer Soft Lithography},
	journal = {Science},
	year = {2000},
	volume = {288},
	number = {5463},
	pages = {113--116}
}
@article{HCUQ01,
	author = {Hou-Pu Chou and Marc A. Unger and Stephen R.  Quake},
	title = {A Microfabricated Rotary Pump},
	journal = {Biomed. Microdevices},
	year = {2001},
	volume = {3},
	number = {4},
	pages = {323--330}
}
@article{EVNR03,
	author = {Elisabeth Verpoorte and Nico F. De Rooij},
	title = {Microfluidics meets {MEMS}},
	journal = IEEE_J_PROC,
	year = {2003},
	volume = {91},
	number = {6},
	pages = {930--953}
}
@article{CLYC10,
	author    = {Cliff Chiung-Yu Lin and Yao-Wen Chang},
	title     = {{ILP}-Based Pin-Count Aware Design Methodology for Microfluidic Biochips},
	journal   = IEEE_J_CAD,
	volume    = {29},
	number    = {9},
	year      = {2010},
	pages     = {1315--1327},
}
@article{JDCF01,
	author    = {Jie Ding and Krishnendu Chakrabarty and Richard B. Fair},
	title     = {Scheduling of Microfluidic Operations for Reconfigurable Two-Dimensional Electrowetting Arrays},
	journal   = IEEE_J_CAD,
	volume    = {20},
	number    = {12},
	year      = {2001},
	pages     = {1463--1468},
}
@article{MEPJ13,
	author = {Maftei, Elena and Pop, Paul and Madsen, Jan},
	title = {Module-Based Synthesis of Digital Microfluidic Biochips with Droplet-Aware Operation Execution},
	journal = J_ETC,
	volume = {9},
	number = {1},
	year = {2013},
	pages = {2:1--2:21},
} 

@article{DGPB14,
	author    = {Daniel T. Grissom and Philip Brisk},
	title     = {Fast Online Synthesis of Digital Microfluidic Biochips},
	journal   = IEEE_J_CAD,
	volume    = {33},
	number    = {3},
	year      = {2014},
	pages     = {356--369},
}
@inproceedings{HMPM11,
	author = {Minhass, Wajid Hassan and Pop, Paul and Madsen, Jan},
	title = {System-level Modeling and Synthesis of Flow-based Microfluidic Biochips},
	booktitle = {Proc. Int. Conf. Compil., Arch. and Syn. Embed. Sys.},
	year = {2011},
	pages = {225--234},
} 
@inproceedings{DYHA13,
	author    = {Trung Anh Dinh and Shigeru Yamashita and Tsung-Yi Ho and Yuko Hara-Azumi},
	title     = {A clique-based approach to find binding and scheduling result in flow-based microfluidic biochips},
	booktitle = C_ASPDAC,
	year      = {2013},
	pages     = {199--204},
}
@inproceedings{TYLH13,
	author    = {Kai-Han Tseng and Sheng-Chi You and Jhe-Yu Liou and Tsung-Yi Ho},
	title     = {A top-down synthesis methodology for flow-based microfluidic biochips considering valve-switching minimization},
	booktitle = C_ISPD,
	year      = {2013},
	pages     = {123--129},
}
@article{MCDP08,
	author    = {Minsik Cho and David Z. Pan},
	title     = {A High-Performance Droplet Routing Algorithm for Digital Microfluidic Biochips},
	journal   = IEEE_J_CAD,
	volume    = {27},
	number    = {10},
	year      = {2008},
	pages     = {1714--1724},
}
@article{YSYC09,
	author    = {Ping-Hung Yuh and Sachin S. Sapatnekar and Chia-Lin Yang and Yao-Wen Chang},
	title     = {A Progressive-ILP-Based Routing Algorithm for the Synthesis of Cross-Referencing Biochips},
	journal   = IEEE_J_CAD,
	volume    = {28},
	number    = {9},
	year      = {2009},
	pages     = {1295--1306},
}
@article{PYYC07,
	author    = {Ping-Hung Yuh and Chia-Lin Yang and Yao-Wen Chang},
	title     = {Placement of defect-tolerant digital microfluidic biochips using the T-tree formulation},
	journal   = J_ETC,
	volume    = {3},
	number    = {3},
	year      = {2007},
	pages     = {13:1--13:32},
}
@inproceedings{TXKC08,
	author    = {Tao Xu and Krishnendu Chakrabarty},
	title     = {Broadcast electrode-addressing for pin-constrained multi-functional
			digital microfluidic biochips},
	booktitle = C_DAC,
	year      = {2008},
	pages     = {173--178},
}
@article{THYH11,
	author    = {Tsung-Wei Huang and Shih-Yuan Yeh and Tsung-Yi Ho},
	title     = {A Network-Flow Based Pin-Count Aware Routing Algorithm for Broadcast-Addressing EWOD Chips},
	journal   = IEEE_J_CAD,
	volume    = {30},
	number    = {12},
	year      = {2011},
	pages     = {1786--1799},
}
@inproceedings{TXKC09,
	author    = {Tao Xu and Krishnendu Chakrabarty},
	title     = {Design-for-Testability for Digital Microfluidic Biochips},
	booktitle = C_VTS,
	year      = {2009},
	pages     = {309--314},
}
@article{HGKE07,
	author    = {Hans G. Kerkhoff},
	title     = {Testing Microelectronic Biofluidic Systems},
	journal   = {IEEE Des. {\&} Test of Comput.},
	volume    = {24},
	number    = {1},
	year      = {2007},
	pages     = {72--82},
}
@inproceedings{TXKC07,
	author    = {Tao Xu and Krishnendu Chakrabarty},
	title     = {Functional testing of digital microfluidic biochips},
	booktitle = C_ITC,
	year      = {2007},
	pages     = {1--10},
}
@inproceedings{FSOC03,
	author    = {Fei Su and Sule Ozev and Krishnendu Chakrabarty},
	title     = {Testing of Droplet-Based Microelectrofluidic Systems},
	booktitle = C_ITC,
	year      = {2003},
	pages     = {1192--1200},
}
@inproceedings{MGCB12,
	author    = {Debasis Mitra and Sarmishtha Ghoshal and Hafizur Rahaman and Krishnendu Chakrabarty and Bhargab B.  Bhattacharya},
	title     = {On-Line Error Detection in Digital Microfluidic Biochips},
	booktitle = C_ATS,
	year      = {2012},
	pages     = {332--337},
}
@inproceedings{THHC11,
	author    = {Tsung-Wei Huang and Tsung-Yi Ho and Krishnendu Chakrabarty},
	title     = {Reliability-oriented broadcast electrode-addressing for
			pin-constrained digital microfluidic biochips},
	booktitle = C_ICCAD,
	year      = {2011},
	pages     = {448--455},
}
@book{Micheli94,
	author = {Micheli, Giovanni De},
	title = {Synthesis and Optimization of Digital Circuits},
	year = {1994},
	publisher = {McGraw-Hill Higher Education},
} 
@book{chen2011applied,
	title={Applied Integer Programming: Modeling and Solution},
	author={Chen, D.S. and Batson, R.G. and Dang, Y.},
	year={2011},
	publisher={Wiley}
}
@misc{gurobi,
        author = "{Gurobi Optimization, Inc.}",
        title = "Gurobi Optimizer Reference Manual",
        year = 2013,
        url = "http://www.gurobi.com"
}
@article{SuC08,
  author    = {Fei Su and Krishnendu Chakrabarty},
  title     = {High-level synthesis of digital microfluidic biochips},
  journal   = J_ETC,
  volume    = {3},
  number    = {4},
  year      = {2008},
}
@inproceedings{AminTA09,
  author    = {Nada Amin and William Thies and Saman P. Amarasinghe},
  title     = {Computer-aided design for microfluidic chips based on multilayer soft lithography},
  booktitle = C_ICCD,
  year      = {2009},
  pages     = {2--9},
}
@inproceedings{Wille2016,
 author = {Wille, Robert and Li, Bing and Schlichtmann, Ulf and Drechsler,
Rolf},
 title = {From Biochips to Quantum Circuits: Computer-aided Design for
Emerging Technologies},
 booktitle = C_ICCAD,
 year = {2016},
 pages = {132:1--132:6},
} 

@inproceedings{LLHS17,
 author = {Chunfeng Liu and Bing Li and Bhargab B. Bhattacharya and Krishnendu Chakrabarty
and  Tsung-Yi Ho and Ulf Schlichtmann},
 title = {Testing Microfluidic Fully Programmable Valve Arrays ({FPVAs})},
 booktitle = C_DATE,
 year = {2017},
} 

@inproceedings{WangZYHLSC17,
  author    = {Qin Wang and Shiliang Zuo and Hailong Yao and Tsung{-}Yi Ho and Bing Li and
               Ulf Schlichtmann and Yici Cai},
  title     = {Hamming-distance-based valve-switching optimization for control-layer
               multiplexing in flow-based microfluidic biochips},
  booktitle = C_ASPDAC,
  pages     = {524--529},
  year      = {2017},
}
@inproceedings{TsengLHS15,
  author    = {Tsun{-}Ming Tseng and Bing Li and Tsung{-}Yi Ho and Ulf Schlichtmann},
    title     = {Reliability-aware synthesis for flow-based microfluidic biochips by
                 dynamic-device mapping},
    booktitle = C_DAC,
    pages     = {141:1--141:6},
    year      = {2015},
}
@article{TsengLLLHS16,
  author    = {Tsun{-}Ming Tseng and Bing Li and Mengchu Li and Tsung{-}Yi Ho and
               Ulf Schlichtmann},
  title     = {Reliability-Aware Synthesis With Dynamic Device Mapping and Fluid
               Routing for Flow-Based Microfluidic Biochips},
	journal   = IEEE_J_CAD,
  volume    = {35},
  number    = {12},
  pages     = {1981--1994},
  year      = {2016},
}
@inproceedings{YaoHC15,
  author    = {Hailong Yao and Tsung-Yi Ho and Yici Cai},
  title     = {{PACOR:} practical control-layer routing flow with
length-matching constraint for flow-based microfluidic biochips},
  booktitle = C_DAC,

  pages     = {142:1--142:6},
  year      = {2015},
}
}
@inproceedings{WangRYHC16, 
author    = {Qin Wang and Yizhong Ru and Hailong Yao and Tsung{-}Yi Ho and Yici Cai},
  title     = {Sequence-pair-based placement and routing for flow-based microfluidic
               biochips},
  booktitle = C_ASPDAC,
  pages     = {587--592},
  year      = {2016},
}
@article{ESWD13,
    author = {Katherine S. Elvira and  Xavier Casadevall i Solvas and Robert
C. R. Wootton and Andrew J. deMello},
    title = {The past, present and potential for microfluidic reactor technology in chemical synthesis},
    journal = {Nature Chemistry},
    year = {2013},
    number = {5},
    pages = {905--915}
}
@misc{illum,
        author = "{Illumina}",
        title = "",
        url = {http://www.illumina.com/},
}

@inproceedings{Minhass12,
  author = {Minhass, Wajid Hassan and Pop, Paul and Madsen, Jan and Blaga, Felician Stefan},
  title = {Architectural Synthesis of Flow-based Microfluidic Large-scale Integration Biochips},
  booktitle = {Int. Conf. Compilers, Arch. and Syn. for Embed. Sys.},
  year = {2012},
  pages = {181--190},
} 
@inproceedings{Liu2017,
  author = {Liu, Chunfeng and Li, Bing and Yao, Hailong and Pop, 
    Paul and Ho, Tsung-Yi and Schlichtmann, Ulf},
  title = {Transport or Store? Synthesizing Flow-based Microfluidic 
    Biochips Using Distributed Channel Storage},
  booktitle = C_DAC,
  year = {2017},
  pages = {49:1--49:6},
} 
@article{ChakrabartyFZ10,
  author    = {Krishnendu Chakrabarty and Richard B. Fair and
               Jun Zeng},
  title     = {Design Tools for Digital Microfluidic Biochips: Toward Functional
               Diversification and More Than Moore},
  journal   = IEEE_J_CAD,
  volume    = {29},
  number    = {7},
  pages     = {1001--1017},
  year      = {2010},
}
@article{HuHC16,
  author    = {Kai Hu and Tsung-Yi Ho and Krishnendu Chakrabarty},
  title     = {Wash Optimization and Analysis for Cross-Contamination Removal Under
               Physical Constraints in Flow-Based Microfluidic Biochips},
  journal   = {{IEEE} Trans. on {CAD} of Integrated Circuits and Systems},
  volume    = {35},
  number    = {4},
  pages     = {559--572},
  year      = {2016},
}

@article{HuDHC17,
  author    = {Kai Hu and Trung Anh Dinh and Tsung-Yi Ho and
    Krishnendu Chakrabarty},
  title     = {Control-Layer Routing and Control-Pin Minimization for Flow-Based
      Microfluidic Biochips},
  journal   = IEEE_J_CAD,
  volume    = {36},
  number    = {1},
  pages     = {55--68},
  year      = {2017},
}
@inproceedings{HuHC14,
  author    = {Kai Hu and Tsung-Yi Ho and Krishnendu Chakrabarty},
  title     = {Test generation and design-for-testability for flow-based
    {mVLSI} microfluidic
    biochips},
  booktitle = C_VTS,
  pages     = {97-102},
  year      = {2014},
}
@article{C2LC40258K,
  author ="Araci, Ismail Emre and Quake, Stephen R.",
  title  ="Microfluidic very large scale integration (m{VLSI}) with integrated
    micromechanical valves",
  journal  ="Lab Chip",
  year  ="2012",
  volume  ="12",
  issue  ="16",
  pages  ="2803--2806",
}


@inproceedings{pso95,
  author    = {J. Kennedy and R. Eberhart},
  title     = {Particle swarm optimization},
  booktitle = {Proc. Int. Conf. Neural Networks},
  pages     = {1942-1948},
  year      = {1995},
}

@article{MAQuake06,
  author = {Marcus, Joshua S. and Anderson, W. French and Quake, Stephen R.},
  title = {Microfluidic Single-Cell mRNA Isolation and Analysis},
  journal = {Analytical Chemistry},
  volume = {78},
  number = {9},
  pages = {3084-3089},
  year = {2006},
}



